<?xml version="1.0" encoding="UTF-8"?><collection xmlns="http://www.loc.gov/MARC21/slim"><record><leader>00628nam--2200181-i-4500</leader><controlfield tag="001">000038048</controlfield><controlfield tag="002">20161230</controlfield><controlfield tag="005">20161230201041</controlfield><controlfield tag="008">060222s1000------------r-----000-0-eng-d</controlfield><datafield ind1=" " ind2=" " tag="040"><subfield code="a">IFIN-HH</subfield></datafield><datafield ind1=" " ind2=" " tag="080"><subfield code="a">539.14</subfield></datafield><datafield ind1="1" ind2=" " tag="100"><subfield code="a">Zucker, Alexander</subfield></datafield><datafield ind1="1" ind2="0" tag="245"><subfield code="a">Reactions between complex nuclei</subfield><subfield code="b">Proceedings of the second conference on reactions between complex nuclei, may 2-4, 1960,gatlinburg, tennessee</subfield><subfield code="c">Alexander zucker, frederick t. howard, e.c. halbert (eds.)</subfield></datafield><datafield ind1=" " ind2=" " tag="260"><subfield code="a">New York</subfield><subfield code="b">John Wiley &amp; Sons, Inc</subfield></datafield><datafield ind1=" " ind2=" " tag="300"><subfield code="a">1IX + 319 P</subfield></datafield><datafield ind1="1" ind2=" " tag="700"><subfield code="a">Halbert, E.C</subfield><subfield code="e">Ed</subfield></datafield><datafield ind1=" " ind2=" " tag="852"><subfield code="a">16274</subfield><subfield code="c">539.17</subfield></datafield><datafield ind1=" " ind2=" " tag="CAT"><subfield code="a">Sys</subfield><subfield code="c">20120529</subfield><subfield code="h">121759</subfield></datafield></record></collection>